<record><leader>00000cas a22000007a 4500</leader><controlfield tag="001">12036930</controlfield><controlfield tag="008">850515d18271829ohuwr ne      0    0eng d</controlfield><datafield ind1=" " ind2=" " tag="010"><subfield code="a">sn 85026115 </subfield></datafield><datafield ind1=" " ind2=" " tag="040"><subfield code="a">NPX</subfield><subfield code="b">eng</subfield><subfield code="c">NPX</subfield><subfield code="d">ONP</subfield><subfield code="d">OCLCQ</subfield></datafield><datafield ind1=" " ind2=" " tag="042"><subfield code="a">msc</subfield></datafield><datafield ind1="0" ind2="4" tag="245"><subfield code="a">The Morgan sentinel, and M'Connelsville gazette.</subfield></datafield><datafield ind1="1" ind2="3" tag="246"><subfield code="a">Morgan sentinel, and McConnelsville gazette</subfield></datafield><datafield ind1=" " ind2=" " tag="260"><subfield code="a">M'Connelsville, Ohio :</subfield><subfield code="b">J. Wilkin &amp; J. Christy</subfield></datafield><datafield ind1=" " ind2=" " tag="300"><subfield code="a">v.</subfield></datafield><datafield ind1=" " ind2=" " tag="310"><subfield code="a">Weekly</subfield></datafield><datafield ind1="1" ind2=" " tag="362"><subfield code="a">Began with Oct. 14, 1827 issue; ceased in 1829?</subfield><subfield code="z">Cf. Gutgesell, S. Guide to Ohio newspapers, 1974.</subfield></datafield><datafield ind1=" " ind2=" " tag="588"><subfield code="a">Description based on: Vol. 1, no. 3 (Oct. 21, 1827).</subfield></datafield><datafield ind1=" " ind2=" " tag="752"><subfield code="a">United States</subfield><subfield code="b">Ohio</subfield><subfield code="c">Morgan</subfield><subfield code="d">McConnelsville.</subfield></datafield></record>